
@misc{ GitHub,
	title = {{jarvist/CoarseGrainPCBM}},
	url = {https://github.com/jarvist/CoarseGrainPCBM},
	abstract = {{StarryNight} - (( Placeholder ))},
	urldate = {2014-04-07},
	journal = {{GitHub}},
}

